%% This BibTeX bibliography file was created using BibDesk.
%% http://bibdesk.sourceforge.net/


%% Created for Matt Henry at 2013-08-12 15:01:27 -0400 


%% Saved with string encoding Unicode (UTF-8) 



@unpublished{us-v-jones,
	Date-Added = {2013-08-12 19:01:05 +0000},
	Date-Modified = {2013-08-12 19:01:13 +0000},
	Bdsk-File-1 = {YnBsaXN0MDDUAQIDBAUGJCVYJHZlcnNpb25YJG9iamVjdHNZJGFyY2hpdmVyVCR0b3ASAAGGoKgHCBMUFRYaIVUkbnVsbNMJCgsMDxJXTlMua2V5c1pOUy5vYmplY3RzViRjbGFzc6INDoACgAOiEBGABIAFgAdccmVsYXRpdmVQYXRoWWFsaWFzRGF0YV8QKi4uLy4uLy4uLy4uL0Jvb2tzL0xhdy9DYXNlcy9VUyB2IEpvbmVzLnBkZtIXCxgZV05TLmRhdGFPEQGiAAAAAAGiAAIAAAxNYWNpbnRvc2ggSEQAAAAAAAAAAAAAAAAAAADNpxIHSCsAAABpAccOVVMgdiBKb25lcy5wZGYAAAAAAAAAAAAAAAAAAAAAAAAAAAAAAAAAAAAAAAAAAAAAAAAAAAAAAAAAAAAAAAAAAGm3L84uqG0AAAAAAAAAAAAEAAQAAAkgAAAAAAAAAAAAAAAAAAAABUNhc2VzAAAQAAgAAM2nSkcAAAARAAgAAM4u4K0AAAABABgAaQHHAAUymgAFMpEABSmEAAUXBQACEMcAAgBETWFjaW50b3NoIEhEOlVzZXJzOgBtYXR0OgBEcm9wYm94OgBCb29rczoATGF3OgBDYXNlczoAVVMgdiBKb25lcy5wZGYADgAeAA4AVQBTACAAdgAgAEoAbwBuAGUAcwAuAHAAZABmAA8AGgAMAE0AYQBjAGkAbgB0AG8AcwBoACAASABEABIAMVVzZXJzL21hdHQvRHJvcGJveC9Cb29rcy9MYXcvQ2FzZXMvVVMgdiBKb25lcy5wZGYAABMAAS8AABUAAgAL//8AAIAG0hscHR5aJGNsYXNzbmFtZVgkY2xhc3Nlc11OU011dGFibGVEYXRhox0fIFZOU0RhdGFYTlNPYmplY3TSGxwiI1xOU0RpY3Rpb25hcnmiIiBfEA9OU0tleWVkQXJjaGl2ZXLRJidUcm9vdIABAAgAEQAaACMALQAyADcAQABGAE0AVQBgAGcAagBsAG4AcQBzAHUAdwCEAI4AuwDAAMgCbgJwAnUCgAKJApcCmwKiAqsCsAK9AsAC0gLVAtoAAAAAAAACAQAAAAAAAAAoAAAAAAAAAAAAAAAAAAAC3A==}}

@unpublished{us-v-cotterman,
	Date-Added = {2013-08-12 15:54:46 +0000},
	Date-Modified = {2013-08-12 15:55:12 +0000},
	Bdsk-File-1 = {YnBsaXN0MDDUAQIDBAUGJCVYJHZlcnNpb25YJG9iamVjdHNZJGFyY2hpdmVyVCR0b3ASAAGGoKgHCBMUFRYaIVUkbnVsbNMJCgsMDxJXTlMua2V5c1pOUy5vYmplY3RzViRjbGFzc6INDoACgAOiEBGABIAFgAdccmVsYXRpdmVQYXRoWWFsaWFzRGF0YV8QLy4uLy4uLy4uLy4uL0Jvb2tzL0xhdy9DYXNlcy9VUyB2LiBDb3R0ZXJtYW4ucGRm0hcLGBlXTlMuZGF0YU8RAbYAAAAAAbYAAgAADE1hY2ludG9zaCBIRAAAAAAAAAAAAAAAAAAAAM2nEgdIKwAAAGkBxxNVUyB2LiBDb3R0ZXJtYW4ucGRmAAAAAAAAAAAAAAAAAAAAAAAAAAAAAAAAAAAAAAAAAAAAAAAAAAAAAAAAAAAAaSZ3zi59MgAAAAAAAAAAAAQABAAACSAAAAAAAAAAAAAAAAAAAAAFQ2FzZXMAABAACAAAzadKRwAAABEACAAAzi61cgAAAAEAGABpAccABTKaAAUykQAFKYQABRcFAAIQxwACAElNYWNpbnRvc2ggSEQ6VXNlcnM6AG1hdHQ6AERyb3Bib3g6AEJvb2tzOgBMYXc6AENhc2VzOgBVUyB2LiBDb3R0ZXJtYW4ucGRmAAAOACgAEwBVAFMAIAB2AC4AIABDAG8AdAB0AGUAcgBtAGEAbgAuAHAAZABmAA8AGgAMAE0AYQBjAGkAbgB0AG8AcwBoACAASABEABIANlVzZXJzL21hdHQvRHJvcGJveC9Cb29rcy9MYXcvQ2FzZXMvVVMgdi4gQ290dGVybWFuLnBkZgATAAEvAAAVAAIAC///AACABtIbHB0eWiRjbGFzc25hbWVYJGNsYXNzZXNdTlNNdXRhYmxlRGF0YaMdHyBWTlNEYXRhWE5TT2JqZWN00hscIiNcTlNEaWN0aW9uYXJ5oiIgXxAPTlNLZXllZEFyY2hpdmVy0SYnVHJvb3SAAQAIABEAGgAjAC0AMgA3AEAARgBNAFUAYABnAGoAbABuAHEAcwB1AHcAhACOAMAAxQDNAocCiQKOApkCogKwArQCuwLEAskC1gLZAusC7gLzAAAAAAAAAgEAAAAAAAAAKAAAAAAAAAAAAAAAAAAAAvU=},
	Bdsk-Url-1 = {http://cdn.ca9.uscourts.gov/datastore/opinions/2013/03/08/09-10139.pdf}}
