%% This BibTeX bibliography file was created using BibDesk.
%% http://bibdesk.sourceforge.net/


%% Created for Matt Henry at 2013-08-09 12:29:21 -0400 


%% Saved with string encoding Unicode (UTF-8) 



@unpublished{brennan-racial-disparity,
	Date-Added = {2013-08-09 16:28:18 +0000},
	Date-Modified = {2013-08-09 16:29:11 +0000},
	Bdsk-File-1 = {YnBsaXN0MDDUAQIDBAUGJCVYJHZlcnNpb25YJG9iamVjdHNZJGFyY2hpdmVyVCR0b3ASAAGGoKgHCBMUFRYaIVUkbnVsbNMJCgsMDxJXTlMua2V5c1pOUy5vYmplY3RzViRjbGFzc6INDoACgAOiEBGABIAFgAdccmVsYXRpdmVQYXRoWWFsaWFzRGF0YV8QPC4uLy4uLy4uLy4uLy4uLy4uL0Jvb2tzL0xhdy8yMDEzIFJhY2lhbCBEaXNwYXJpdHkgUmVwb3J0LnBkZtIXCxgZV05TLmRhdGFPEQHWAAAAAAHWAAIAAAxNYWNpbnRvc2ggSEQAAAAAAAAAAAAAAAAAAADNpxIHSCsAAAAFMpofMjAxMyBSYWNpYWwgRGlzcGFyaXQjNEQ5RTJGLnBkZgAAAAAAAAAAAAAAAAAAAAAAAAAAAAAAAAAAAAAAAAAAAE2eL84RhO8AAAAAAAAAAAAGAAMAAAkgAAAAAAAAAAAAAAAAAAAAA0xhdwAAEAAIAADNp0pHAAAAEQAIAADOEb0vAAAAAQAUAAUymgAFMpEABSmEAAUXBQACEMcAAgBOTWFjaW50b3NoIEhEOlVzZXJzOgBtYXR0OgBEcm9wYm94OgBCb29rczoATGF3OgAyMDEzIFJhY2lhbCBEaXNwYXJpdCM0RDlFMkYucGRmAA4AQgAgADIAMAAxADMAIABSAGEAYwBpAGEAbAAgAEQAaQBzAHAAYQByAGkAdAB5ACAAUgBlAHAAbwByAHQALgBwAGQAZgAPABoADABNAGEAYwBpAG4AdABvAHMAaAAgAEgARAASAD1Vc2Vycy9tYXR0L0Ryb3Bib3gvQm9va3MvTGF3LzIwMTMgUmFjaWFsIERpc3Bhcml0eSBSZXBvcnQucGRmAAATAAEvAAAVAAIAC///AACABtIbHB0eWiRjbGFzc25hbWVYJGNsYXNzZXNdTlNNdXRhYmxlRGF0YaMdHyBWTlNEYXRhWE5TT2JqZWN00hscIiNcTlNEaWN0aW9uYXJ5oiIgXxAPTlNLZXllZEFyY2hpdmVy0SYnVHJvb3SAAQAIABEAGgAjAC0AMgA3AEAARgBNAFUAYABnAGoAbABuAHEAcwB1AHcAhACOAM0A0gDaArQCtgK7AsYCzwLdAuEC6ALxAvYDAwMGAxgDGwMgAAAAAAAAAgEAAAAAAAAAKAAAAAAAAAAAAAAAAAAAAyI=}}
