%% This BibTeX bibliography file was created using BibDesk.
%% http://bibdesk.sourceforge.net/


%% Created for Matt Henry at 2013-08-08 12:24:22 -0400 


%% Saved with string encoding Unicode (UTF-8) 



@statute{29-cfr-825-303,
	Date-Added = {2013-08-08 16:16:02 +0000},
	Date-Modified = {2013-08-08 16:23:27 +0000},
	Regulation-Set = {C.F.R.},
	Section = {825.303},
	Title-Number = {29},
	Year = {2009}}
